<record><leader>00000cas a22000007a 4500</leader><controlfield tag="001">35116620</controlfield><controlfield tag="008">960722d18821882tnuwr ne      0    0eng d</controlfield><datafield ind1=" " ind2=" " tag="010"><subfield code="a">sn 96091621 </subfield></datafield><datafield ind1=" " ind2=" " tag="040"><subfield code="a">TGN</subfield><subfield code="b">eng</subfield><subfield code="c">TGN</subfield><subfield code="d">OCLCQ</subfield><subfield code="d">OCLCF</subfield><subfield code="d">OCLCO</subfield></datafield><datafield ind1="1" ind2=" " tag="029"><subfield code="a">AU@</subfield><subfield code="b">000021379306</subfield></datafield><datafield ind1=" " ind2=" " tag="042"><subfield code="a">msc</subfield></datafield><datafield ind1=" " ind2=" " tag="043"><subfield code="a">n-us-tn</subfield></datafield><datafield ind1="0" ind2=" " tag="130"><subfield code="a">Watchman (Maryville, Tenn.)</subfield></datafield><datafield ind1="1" ind2="4" tag="245"><subfield code="a">The watchman.</subfield></datafield><datafield ind1=" " ind2=" " tag="260"><subfield code="a">Maryville, Tenn. :</subfield><subfield code="b">Watchman Pub. Co.,</subfield><subfield code="c">1882.</subfield></datafield><datafield ind1=" " ind2=" " tag="300"><subfield code="a">v.</subfield></datafield><datafield ind1=" " ind2=" " tag="310"><subfield code="a">Weekly</subfield></datafield><datafield ind1="0" ind2=" " tag="362"><subfield code="a">Vol. 1, no. 1 (Mar. 21, 1882)- v. 1, no. 38 (Dec. 20, 1882).</subfield></datafield><datafield ind1=" " ind2="0" tag="651"><subfield code="a">Maryville (Tenn.)</subfield><subfield code="v">Newspapers.</subfield></datafield><datafield ind1=" " ind2="0" tag="651"><subfield code="a">Blount County (Tenn.)</subfield><subfield code="v">Newspapers.</subfield></datafield><datafield ind1=" " ind2="7" tag="655"><subfield code="a">Newspapers.</subfield><subfield code="2">fast</subfield><subfield code="0">(OCoLC)fst01423814</subfield></datafield><datafield ind1=" " ind2="7" tag="651"><subfield code="a">Tennessee</subfield><subfield code="z">Blount County.</subfield><subfield code="2">fast</subfield><subfield code="0">(OCoLC)fst01212352</subfield></datafield><datafield ind1=" " ind2="7" tag="651"><subfield code="a">Tennessee</subfield><subfield code="z">Maryville.</subfield><subfield code="2">fast</subfield><subfield code="0">(OCoLC)fst01204582</subfield></datafield><datafield ind1=" " ind2=" " tag="752"><subfield code="a">United States</subfield><subfield code="b">Tennessee</subfield><subfield code="c">Blount</subfield><subfield code="d">Maryville.</subfield></datafield><datafield ind1="0" ind2="0" tag="785"><subfield code="t">Maryville watchman</subfield><subfield code="w">(DLC)sn 96091622</subfield></datafield></record>